@Article{Booker:82,
  author =       "L. B. Booker",
  year =         "1982",
  title =        "Intelligent Behavior as an Adaptation to the Task
                 Environment",
  pnote =        "Doctoral dissertation, Technical Report No. 243. Ann
                 Arbor: University of Michigan, Logic of Computers
                 Group",
  journal =      "Dissertations Abstracts International",
  volume =       "43(2)",
  pages =        "469B",
  note =         "(University Microfilms No. 8214966)",
}

@Book{Goldberg:89e,
  author =       "D. E. Goldberg",
  year =         "1989",
  title =        "Genetic algorithms in search, optimization, and
                 machine learning",
  address =      "Reading, MA",
  publisher =    "Addison--Wesley",
}

@Book{Knuth:81,
  author =       "D. E. Knuth",
  year =         "1981",
  title =        "The {Art of Computer Programming}",
  volume =	 "2",
  edition =      "2nd",
  address =      "Reading, MA",
  publisher =    "Addison--Wesley",
}


@Inproceedings{PH90,
  crossref =     "For90",
  author =       "Julian Palmore and Charles Herring",
  title =        "Computer Arithmetic, Chaos and Fractals",
  pages =        "99-110",
}

@Proceedings{For90,
  editor =       "Stephanie Forrest",
  title =        "Emergent Computation.~Self-Organizing, Collective, and
                 Cooperative Phenomena in Natural and Artificial
                 Computing Networks",
  booktitle =    "Emergent Computation.~Self-Organizing, Collective, and
                 Cooperative Phenomena in Natural and Artificial
                 Computing Networks",
  publisher =    "MIT Press",
  address =      "Cambridge, MA",
  year =         "1990",
}

@TechReport{FGMS90,
  author =       "S.~I.~Feldman and David M.~Gay and Mark W. Maimone
		and N.~L.~Schryer",
  title =        "{A Fortran--to--C Converter}",
  type =         "Computer Science Technical Report",
  number =       "149",
  institution =  "AT\&T Bell Laboraties",
  address =      "Murray Hill, NJ 07974",
  month =        may,
  year =         "1990",
  note =         "",
  ISSN =         "",
  signature =    "",
  keywords =     "",
  attr =         "",
  abstract =     "",
}

@TechReport{Gil89,
  author =       "David Gillespie",
  title =        "{A Pascal--to--C Converter}",
  type =         "C source code",
  number =       "Version 1.16",
  institution =  "California Institute of Technology",
  address =      "Pasadena, CA 91125",
  month =        "",
  year =         "1989",
  note =         "Available via anonymous ftp from host {\tt ftp.germany.eu.net}
		as file {\tt p2c-1.16.tar.gz} in directory
		{\tt /pub/programming/tools/p2c}",
  ISSN =         "",
  signature =    "",
  keywords =     "",
  attr =         "",
  abstract =     "",
}

@TechReport{WK92,
  author =       "Thomas Williams and Colin Kelley",
  title =        "{GNUPLOT -- An interactive Plotting Program}",
  type =         "C source code",
  number =       "Version 3.5",
  institution =  "Pixar Corporation",
  address =      "",
  month =        "",
  year =         "1993",
  note =         "Available via anon. ftp from host {\tt ftp.germany.eu.net}
		as file {\tt gnuplot-3.5.tar.gz} in directory
		{\tt /pub/packages/gnu}",
  ISSN =         "",
  signature =    "",
  keywords =     "",
  attr =         "",
  abstract =     "",
}

@Article{Mue87,
  author =       "Gerhard M{\"u}hlsiep",
  title =        "{Wie Computer rechnen:
		Zahlendarstellung und Zahlenverarbeitung}",
  journal =      "c't magazin f{\"u}r computer technik",
  month =        mar,
  year =         "1987",
  number =       "3",
  pages =        "203--208",
  note =         "(Describes {\sc ieee} and {\sc turbo pascal} number
		representations.)",
  ISSN =         "",
  signature =    "",
  keywords =     "",
  attr =         "",
  abstract =     "",
}

@Article{WH87,
  author =       "Brian Wichmann and David Hill",
  title =        "{Building a Ranom-Number Generator:
		A Pascal routine for very-long-cycle random-number
		sequences}",
  journal =      "BYTE",
  month =        mar,
  year =         "1987",
  number =       "3",
  pages =        "127--128",
  note =         "",
  ISSN =         "",
  signature =    "",
  keywords =     "",
  attr =         "",
  abstract =     "",
}


/* Uwe Schnepf's publications */
/*
 *	   /     /////   /////    ///
 *	  //    /     / /     /  /   /
 *	 / /    /     / /     / /     /
 *	   /     //////  ////// /     /
 *	   /          /       / /     /
 *	   /    /     / /     /  /   /
 *	 /////   /////   /////    ///
 *	
 */

@Book{Schn90,
  author =       "Uwe Schnepf",
  title =        "Robot Ethology: {A} Proposal for the Research into
                 Intelligent Autonomous Systems",
  year =         "1990",
  month =	 jul,
  publisher =    "Gesellschaft f{\"u}r Mathematik (GMD)",
  address =      "Sankt Augustin, Germany",
  note =         "Arbeitspapiere der GMD Nr.~454, Subreihe
                 K{\"u}nstliche Intelligenz Nr.~5, Gesellschaft f{\"u}r
                 Mathematik und Datenverarbeitung, Sankt Augustin",
  keywords =     "",
}

@Book{SD90,
  author =       "Uwe Schnepf and Marco Dorigo",
  title =        "Organisation of Robot Behaviour through
                 Genetic Learning Processes",
  year =         "1990",
  month =	 dec,
  publisher =    "Gesellschaft f{\"u}r Mathematik (GMD)",
  address =      "Sankt Augustin, Germany",
  note =         "Arbeitspapiere der GMD Nr.~496, Subreihe
                 K{\"u}nstliche Intelligenz Nr.~5, Gesellschaft f{\"u}r
                 Mathematik und Datenverarbeitung, Sankt Augustin",
  keywords =     "",
}

/*
 *	   /     /////   /////     /
 *	  //    /     / /     /   //
 *	 / /    /     / /     /  / /
 *	   /     //////  //////    /
 *	   /          /       /    /
 *	   /    /     / /     /    /
 *	 /////   /////   /////   /////
 *	
 */

@Book{SD91,
  author =       "Uwe Schnepf and Marco Dorigo",
  title =        "Genetics--based Machine Learning and
                 Behaviour--based Robotics: A New Synthesis",
  year =         "1991",
  month =	 jun,
  publisher =    "Gesellschaft f{\"u}r Mathematik (GMD)",
  address =      "Sankt Augustin, Germany",
  note =         "Arbeitspapiere der GMD Nr.~538, Subreihe
                 K{\"u}nstliche Intelligenz Nr.~5, Gesellschaft f{\"u}r
                 Mathematik und Datenverarbeitung, Sankt Augustin",
  keywords =     "",
}

@Book{PS91,
  author =       "Mukesh J.~Patel and Uwe Schnepf",
  title =        "Concept Formation as Emergent Phaenomena",
  year =         "1991",
  month =	 dec,
  publisher =    "Gesellschaft f{\"u}r Mathematik (GMD)",
  address =      "Sankt Augustin, Germany",
  note =         "Arbeitspapiere der GMD Nr.~602, Subreihe
                 K{\"u}nstliche Intelligenz Nr.~5, Gesellschaft f{\"u}r
                 Mathematik und Datenverarbeitung, Sankt Augustin",
  keywords =     "",
}

InProceedings{Schn91,
  crossref =	 "SAB91",
  author =       "Uwe Schnepf",
  title =        "Robot Ethology: {A} Proposal for the Research into
                 Intelligent Autonomous Systems",
  year =         "1991",
  keywords =     "Tinbergen / Lorenz model",
}

@Book{AFMS91,
  author =       "Alexander Asteroth and Mark Sebastian Fischer and
		 Knut M{\"o}ller and Uwe Schnepf",
  title =        "Tracking and Grasping of Moving Objects: {A}
                 Behaviour-Based Approach",
  year =         "1991",
  month =	 dec,
  publisher =    "Gesellschaft f{\"u}r Mathematik (GMD)",
  address =      "Sankt Augustin, Germany",
  note =         "Arbeitspapiere der GMD Nr.~603, Subreihe
                 K{\"u}nstliche Intelligenz Nr.~5, Gesellschaft f{\"u}r
                 Mathematik und Datenverarbeitung, Sankt Augustin",
  keywords =     "",
}

/*
 *	   /     /////   /////   /////
 *	  //    /     / /     / /     /
 *	 / /    /     / /     /       /
 *	   /     //////  //////  /////
 *	   /          /       / /
 *	   /    /     / /     / /
 *	 /////   /////   /////  ///////
 *	
 */

InCollection{AFMS92,
  author =       "Alexander Asteroth and Mark Sebastian Fischer and
		 Knut M{\"o}ller and Uwe Schnepf",
  title =        "Tracking and Grasping of Moving Objects: {A}
                 Behaviour-Based Approach",
  year =         "1992",
  booktitle =    "Industrial and Engineering Applications of Artificial
                 Intelligence and Expert Systems: Proceedings of the 5th
                 International Conference IEA/AIE-92",
  editor =       "F.~Belli and F.~J.~Radermacher",
  publisher =    "Springer",
  address =      "Berlin, Heidelberg",
  pages =        "195--204",
  keywords =     "",
}


/* Joerg Heitkoetter's publications (scientific only) */

/*
 *	   /     /////   /////   /////
 *	  //    /     / /     / /     /
 *	 / /    /     / /     / /     /
 *	   /     //////  /////   /////
 *	   /          / /     / /     /
 *	   /    /     / /     / /     /
 *	 /////   /////   /////   /////
 *	
 */

@TechReport{Hei88,
  author =       "J{\"o}rg Heitk{\"o}tter",
  title =        "{GONZO: the program}",
  type =         "C source code",
  number =       "",
  institution =  "Max--Planck--Institute for Nutrition Physiology,
		Biomathematics Research Group",
  address =      "Dortmund, Germany",
  month =        "",
  year =         "1988",
  note =         "{(Implements an asynchronous file transfer protocol
		based on an analysis of KERMIT, and thus called GONZO)}",
  ISSN =         "",
  signature =    "",
  keywords =     "",
  attr =         "",
  abstract =     "",
}

@TechReport{Hei88b,
  author =       "J{\"o}rg Heitk{\"o}tter",
  title =        "{GONZO: the documentation}",
  type =         "Internal paper",
  number =       "",
  institution =  "Max--Planck--Institute for Nutrition Physiology,
		Biomathematics Research Group",
  address =      "Dortmund, Germany",
  month =        "",
  year =         "1988",
  note =         "{(Describes an asynchronous file transfer protocol
		called GONZO)}",
  ISSN =         "",
  signature =    "",
  keywords =     "",
  attr =         "",
  abstract =     "",
}

#ifdef GERMAN
@TechReport{Hei88c,
  author =       "J{\"o}rg Heitk{\"o}tter and Theo Plesser",
  title =        "{PETER -- Perkin Elmer Terminalemulations- und
		Daten{\"u}bertragungsprogramm f{\"u}r
		{\sc unix} System--V Computer (z.B.~Cadmus 9020)}",
  type =         "Project report",
  number =       "",
  institution =  "Jahresbericht des Max--Planck--Institut
                f{\"u}r Systemphysiologie",
  address =      "Dortmund, Germany",
  month =        dec,
  year =         "1988",
  note =         "{(Final project report of GONZO, officially: PETER)}",
  ISSN =         "",
  signature =    "",
  keywords =     "",
  attr =         "",
  abstract =     "",
}
#endif

#ifdef GERMAN
@TechReport{Hei88d,
  author =       "J{\"o}rg Heitk{\"o}tter and Theo Plesser",
  title =        "{Das CHECKMAT/FACSIMILE Simulationssystem}",
  type =         "Project report",
  number =       "",
  institution =  "Jahresbericht des Max--Planck--Institut
                f{\"u}r Systemphysiologie",
  address =      "Dortmund, Germany",
  month =        dec,
  year =         "1988",
  note =         "{(First project report on CHECKMAT/FACSIMILE)}",
  ISSN =         "",
  signature =    "",
  keywords =     "",
  attr =         "",
  abstract =     "",
}
#endif

/*
 *	   /     /////   /////   /////
 *	  //    /     / /     / /     /
 *	 / /    /     / /     / /     /
 *	   /     //////  /////   //////
 *	   /          / /     /       /
 *	   /    /     / /     / /     /
 *	 /////   /////   /////   /////
 *	
 */

@TechReport{Hei89,
  author =       "J{\"o}rg Heitk{\"o}tter",
  title =        "{Porting CHECKMAT/FACSIMILE to CONVEX}",
  type =         "Internal paper",
  number =       "",
  institution =  "Max--Planck--Institute for Nutrition Physiology,
		Biomathematics Research Group",
  address =      "Dortmund, Germany",
  month =        "",
  year =         "1989",
  note =         "{(Summarizes the changes made to the FORTRAN-77 chemical
		simulation package from Harwell Labs., UK)}",
  ISSN =         "",
  signature =    "",
  keywords =     "",
  attr =         "",
  abstract =     "",
}

@TechReport{Hei89b,
  author =       "J{\"o}rg Heitk{\"o}tter",
  title =        "{YAPP: the program}",
  type =         "C source code",
  number =       "",
  institution =  "Max--Planck--Institute for Nutrition Physiology,
		Biomathematics Research Group",
  address =      "Dortmund, Germany",
  month =        "",
  year =         "1989",
  note =         "{(Implements yet another plotting program, built on
		top of the SunView GUI)}",
  ISSN =         "",
  signature =    "",
  keywords =     "",
  attr =         "",
  abstract =     "",
}

@TechReport{Hei89c,
  author =       "J{\"o}rg Heitk{\"o}tter",
  title =        "{YAPP: the documentation}",
  type =         "Internal paper",
  number =       "",
  institution =  "Max--Planck--Institute for Nutrition Physiology,
		Biomathematics Research Group",
  address =      "Dortmund, Germany",
  month =        "",
  year =         "1989",
  note =         "{(Describes yet another plotting program, called YAPP)}",
  ISSN =         "",
  signature =    "",
  keywords =     "",
  attr =         "",
  abstract =     "",
}

/*
 *	   /     /////   /////    ///
 *	  //    /     / /     /  /   /
 *	 / /    /     / /     / /     /
 *	   /     //////  ////// /     /
 *	   /          /       / /     /
 *	   /    /     / /     /  /   /
 *	 /////   /////   /////    ///
 *	
 */

/*
 *	   /     /////   /////     /
 *	  //    /     / /     /   //
 *	 / /    /     / /     /  / /
 *	   /     //////  //////    /
 *	   /          /       /    /
 *	   /    /     / /     /    /
 *	 /////   /////   /////   /////
 *	
 */

@InCollection{Hei91,
  editor =       "Ulrich Hammel and Frank Kursawe",
  author =       "J{\"o}rg Heitk{\"o}tter",
  title =        "{JOODEL:
		An Object--Oriented Design Language}",
  booktitle =    "Seminarband der Projektgruppe {CARTOON}",
  publisher =    "University of Dortmund, LSXI",
  address =      "Dortmund, Germany",
  month =        "",
  year =         "1991",
  series =       "",
  type =         "",
  chapter =      "",
  pages =        "",
  edition =      "",
  note =         "",
  ISSN =         "",
  signature =    "",
  keywords =     "",
  attr =         "",
  abstract =     "",
}


@Unpublished{@Hei91,
  author =       "J{\"o}rg Heitk{\"o}tter",
  title =        "{{\em Forms:} Notes on Design and Implementation}",
  month =        "",
  year =         "1991",
  note =         "{Describes a C++ class library for user customizable
		forms, ie user dialog fields, built on top of the
		InterViews 2.6 GUI (Draft)}",
  signature =    "",
  keywords =     "",
  attr =         "",
  abstract =     "",
}

/*
 *	   /     /////   /////   /////
 *	  //    /     / /     / /     /
 *	 / /    /     / /     /       /
 *	   /     //////  //////  /////
 *	   /          /       / /
 *	   /    /     / /     / /
 *	 /////   /////   /////  ///////
 *	
 */

@InCollection{Hei92,
  editor =       "J{\"o}rg Poswig",
  author =       "J{\"o}rg Heitk{\"o}tter and Berndhard Flechtker",
  title =        "{Visual Toolset:
		Eine Programmiersprache basierend auf mehreren Paradigmen
		von Jos{\'e} A.~Borges}",
  booktitle =    "Seminarband: Visuelle Programmiersprachen",
  publisher =    "University of Dortmund, LS1",
  address =      "Dortmund, Germany",
  month =        "",
  year =         "1992",
  series =       "",
  type =         "",
  chapter =      "",
  pages =        "",
  edition =      "",
  note =         "",
  ISSN =         "",
  signature =    "",
  keywords =     "",
  attr =         "",
  abstract =     "",
}

/*
 *	   /     /////   /////   /////
 *	  //    /     / /     / /     /
 *	 / /    /     / /     /       /
 *	   /     //////  //////  /////
 *	   /          /       /       /
 *	   /    /     / /     / /     /
 *	 /////   /////   /////   /////
 *	
 */

@TechReport{Hei93,
  author =       "J{\"o}rg Heitk{\"o}tter",
  title =        "{Learning Classifier Systems (LCSs)}",
  type =         "{A collection of slides presented in the D\&D seminar series}",
  number =       "",
  institution =  "Systems Analysis Research Group, LSXI",
  address =      "University of Dortmund, Department of Computer Science, Dortmund, Germany",
  month =        jan,
  year =         "1993",
  note =         "Available via anon. ftp to
		{\tt lumpi.informatik.uni-dortmund.de}
		as file `dd1-slides.ps' in /pub/LCS/papers",
  ISSN =         "",
  signature =    "",
  keywords =     "",
  attr =         "",
  abstract =     "",
}

@TechReport{Hei93b,
  author =       "J{\"o}rg Heitk{\"o}tter",
  title =        "{SCS-C: the program}",
  type =         "C source code",
  number =       "",
  institution =  "Systems Analysis Research Group, LSXI",
  address =      "University of Dortmund, Department of Computer Science, Dortmund, Germany",
  month =        jan,
  year =         "1993",
  note =         "{(Implements Goldberg's Simple Classifier Systems,
		taken from Appendix D of {\em Genetic Algorithms in
		Search, Optimization and Machine Learning}, Goldberg 1989.
		Available via anon. ftp to
		{\tt lumpi.informatik.uni-dortmund.de}
		as file `scsc-0.99j.tar' in /pub/LCS/src)}",
  ISSN =         "",
  signature =    "",
  keywords =     "",
  attr =         "",
  abstract =     "",
}

@TechReport{Hei93c,
  author =       "J{\"o}rg Heitk{\"o}tter",
  title =        "{SCS-C: the documentation}",
  type =         "Software distribution and installation notes",
  number =       "",
  institution =  "Systems Analysis Research Group, LSXI",
  address =      "University of Dortmund, Department of Computer Science, Dortmund, Germany",
  month =        jan,
  year =         "1993",
  note =         "{(Available via anon. ftp to
		{\tt lumpi.informatik.uni-dortmund.de}
		as file `scsc-doc.ps' in /pub/LCS/docs)}",
  ISSN =         "",
  signature =    "",
  keywords =     "",
  attr =         "",
  abstract =     "",
}

@TechReport{Hei93d,
  author =       "J{\"o}rg Heitk{\"o}tter",
  title =        "{SCS-C: Some Observations using the Simple Classifier System}",
  type =         "Draft paper",
  number =       "",
  institution =  "Systems Analysis Research Group, LSXI",
  address =      "University of Dortmund, Department of Computer Science, Dortmund, Germany",
  month =        mar,
  year =         "1993",
  note =         "{(Reproduces the figures of Chapter~6 in Goldberg's book.
		Explanations are given why the reproduced figures are slightly
		different from their original versions.
		Available via anon. ftp to
		{\tt lumpi.informatik.uni-dortmund.de}
		as file `scsc-rep6.ps' in /pub/LCS/docs)}",
  ISSN =         "",
  signature =    "",
  keywords =     "",
  attr =         "",
  abstract =     "",
}

@TechReport{Hei93e,
  author =       "J{\"o}rg Heitk{\"o}tter",
  title =        "{VIDEOS: (1) The Machine that changed the World:
		Artificial Intelligence and (2) The 8th Day of Creation:
		Computer Scientists and their brave new Worlds}",
  type =         "{A collection of slides presented in the D\&D seminar series}",
  number =       "",
  institution =  "Systems Analysis Research Group, LSXI",
  address =      "University of Dortmund, Department of Computer Science, Dortmund, Germany",
  month =        feb,
  year =         "1993",
  note =         "Available via anon. ftp to
		{\tt lumpi.informatik.uni-dortmund.de}
		as file `dd2-slides.ps' in /pub/LCS/papers",
  ISSN =         "",
  signature =    "",
  keywords =     "",
  attr =         "",
  abstract =     "",
}

@TechReport{Hei93f,
  author =       "J{\"o}rg Heitk{\"o}tter",
  title =        "{HODGE-C: An implementation of Gerhard and Schuster's
		hodge-podge machine}",
  type =         "C source code",
  number =       "",
  institution =  "Systems Analysis Research Group, LSXI",
  address =      "University of Dortmund, Department of Computer Science, Dortmund, Germany",
  month =        mar,
  year =         "1993",
  note =         "Available via anon. ftp to
		{\tt lumpi.informatik.uni-dortmund.de}
		as file `hodge-c-0.98j.tar' in /pub/CA/src",
  ISSN =         "",
  signature =    "",
  keywords =     "",
  attr =         "",
  abstract =     "",
}

@TechReport{Hei93g,
  author =       "J{\"o}rg Heitk{\"o}tter",
  title =        "{The Hitch-Hiker's Guide to Evolutionary Computation}",
  type =         "{USENET: FAQ in comp.ai.genetic}",
  number =       "",
  institution =  "Systems Analysis Research Group, LSXI",
  address =      "University of Dortmund, Department of Computer Science, Dortmund, Germany",
  month =        aug,
  year =         "1993",
  note =         "Available via anon. ftp to
		{\tt lumpi.informatik.uni-dortmund.de}
		as file `hhgec-*.ps.gz' in /pub/EA/docs",
  ISSN =         "",
  signature =    "",
  keywords =     "",
  attr =         "",
  abstract =     "",
}

/*
 *	   /     /////   /////  /
 *	  //    /     / /     / /    /
 *	 / /    /     / /     / /    /
 *	   /     //////  ////// /    /
 *	   /          /       / ///////
 *	   /    /     / /     /      /
 *	 /////   /////   /////       /
 *	
 */

@InProceedings{KBH94,
  author =       "Sami Khuri and Thomas B{\"a}ck and J{\"o}rg Heitk{\"o}tter",
  title =        "An Evolutionary Approach to Combinatorial Optimization Problems",
  booktitle =    "Proceedings of the 1994 Computer Science Conference (CSC'94)",
  month =        "",
  year =         "1994",
  editor =       "",
  volume =       "",
  series =       "",
  pages =        "(to appear)",
  publisher =    "ACM Press",
  address =      "",
  organization = "March 1994, Phoenix AZ",
  note =         "",
  ISBN =         "",
  signature =    "",
  keywords =     "",
  attr =         "",
  abstract =     "The paper reports on the application of genetic algorithms,
        probabilistic search algorithms based on the model of organic
        evolution, to NP-complete combinatorial optimization problems.
        In particular, the subset sum, maximum cut, and minimum tardy
        task problems are considered.
        Except for the fitness function, no problem-specific changes of the
        genetic algorithm are required in order to achieve results of
        high quality even for the problem instances of size 100 used in
        the paper.
        For constrained problems, such as the subset sum and the
        minimum tardy task, the constraints are taken into account
        by incorporating a graded penalty term into the fitness function.
        Even for large instances of these highly multimodal optimization
        problems, an iterated application of the genetic algorithm is observed
        to find the global optimum within a number of runs.
        As the genetic algorithm samples only a tiny fraction of the search
        space, these results are quite encouraging.",
}

@InProceedings{KBH94b,
  author =       "Sami Khuri and Thomas B{\"a}ck and J{\"o}rg Heik{\"o}tter",
  title =        "The Zero/One Multiple Knapsack Problem 
		and Genetic Algorithms",
  booktitle =    "Proceedings of the 1994 ACM Symposium on Applied Computing
		(SAC'94)",
  month =        "",
  year =         "1994",
  editor =       "",
  volume =       "",
  series =       "",
  pages =        "(to appear)",
  publisher =    "ACM Press",
  address =      "",
  organization = "March 1994, Phoenix AZ",
  note =         "Genetic Algorithms and Optimization Track",
  ISBN =         "",
  signature =    "",
  keywords =     "",
  attr =         "",
  abstract =     "A genetic algorithm, GENEsYs, is applied to an NP-complete
	problem, the 0/1 multiple knapsack problem. The partitioning of the
	search space resulting from this highly constrained
	problem may include substantially large infeasible regions.
	Our implementation allows for the breeding and participation
	of infeasible strings in the population. Unlike many other
	GA-based algorithms that are augmented with domain-specific
	knowledge, GENEsYs uses a simple fitness function
	that uses a graded penalty term to penalize infeasibly bred strings.
	We apply our genetic algorithm to problem instances from the literature
	of well known test problems and report our experimental results.
	These encouraging results, especially for relatively large test
	problems, indicate that genetic algorithms can be successfully used
	as heuristics for finding good solutions for highly constrained
	NP-complete problems.",
}
